@Article{Ramirez2011,
  author    = {Rafael Arias Ramírez and Leonardo Sánchez Hernández and Rafael Sánchez Meza},
  journal   = {Economía y Sociedad},
  title     = {Análisis de la desigualdad socioeconómica en Costa Rica},
  year      = {2011},
  issn      = {2215-3403},
  month     = {12},
  number    = {39-40},
  pages     = {73--107},
  volume    = {16},
  abstract  = {The analysis of the causes that  explain the increasing levels of socioeconomic inequality in a country  is crucial for the design and implementation of public policies and  institutional arrangements capable to promote virtuous cycles between  economic growth, social equality and democracy. This article provides an  analysis of the different dimensions of socioeconomic inequality in  Costa Rica for the last 15 years<br />},
  keywords  = {Desigualdad, pobreza, exclusión social, gasto público, Costa Rica},
  publisher = {Universidad Nacional, Costa Rica},
  url       = {http://www.revistas.una.ac.cr/index.php/economia/article/view/4902},
}

@Article{Ravallion1991,
  author = {Martin Ravallion and Gaurav Datt and Dominique Walle},
  title  = {QUANTIFYING ABSOLUTE POVERTY IN THE DEVELOPING WORLD},
  year   = {1991},
  issn   = {0034-6586},
  pages  = {345-361},
  volume = {37},
  doi    = {10.1111/j.1475-4991.1991.tb00378.x},
}

@Article{Modigliani1998,
  author = {F. Modigliani},
  title  = {An economists' Manifesto on unemployment in the European Union,},
  year   = {1998},
  issn   = {0926-6437},
  pages  = {163-187},
  volume = {8},
  doi    = {10.1016/s0926-6437(99)00006-2},
}

@Comment{jabref-meta: databaseType:bibtex;}
