Automatically generated by Mendeley Desktop 1.19.8
Any changes to this file will be lost if it is regenerated by Mendeley.

BibTeX export options can be customized via Options -> BibTeX in Mendeley Desktop

@article{Charalampakis2010,
author = {Charalampakis, A E},
file = {:C\:/Users/EFE-COMAS2/AppData/Local/Mendeley Ltd./Mendeley Desktop/Downloaded/Charalampakis - 2010 - Parameters of Bouc-Wen hysteretic model revisited.pdf:pdf},
journal = {Proceedings of the 9h HSTAM International Congress on Mechanics},
title = {{Parameters of Bouc-Wen hysteretic model revisited}},
year = {2010}
}


@book{Fenz2008,
author = {Fenz, Daniel M and Constantinou, Michael C},
file = {:C\:/Users/EFE-COMAS2/AppData/Local/Mendeley Ltd./Mendeley Desktop/Downloaded/Fenz, Constantinou - 2008 - Mechanical behavior of multi-spherical sliding bearings.pdf:pdf},
publisher = {Multidisciplinary Center for Earthquake Engineering Research},
title = {{Mechanical behavior of multi-spherical sliding bearings}},
year = {2008}
}

@book{Chopra2016,
address = {NJ, USA},
author = {Chopra, A. K.},
edition = {5th},
file = {:C\:/Users/EFE-COMAS2/AppData/Local/Mendeley Ltd./Mendeley Desktop/Downloaded/Chopra - 2016 - Dynamics of structures Theory and applications to earthquake engineering.pdf:pdf},
publisher = {Prentice Hall},
title = {{Dynamics of structures: Theory and applications to earthquake engineering}},
year = {2016}
}

@book{Taylor2019,
author = {Berquist, M and DePasquale, R and Frye, S and Gilani, A and Klembczyk, A},
file = {:C\:/Users/EFE-COMAS2/AppData/Local/Mendeley Ltd./Mendeley Desktop/Downloaded/Berquist et al. - 2019 - Fluid viscous dampers-general guidelines for engineers including a brief history.pdf:pdf},
publisher = {Taylor Devices Inc},
title = {{Fluid viscous dampers-general guidelines for engineers including a brief history}},
year = {2019}
}

@book{Kelly1999,
author = {Naeim, Farzad and Kelly, James M.},
file = {:C\:/Users/EFE-COMAS2/AppData/Local/Mendeley Ltd./Mendeley Desktop/Downloaded/Naeim, Kelly - 1999 - Design of seismic isolated structures from theory to practice.pdf:pdf},
publisher={John Wiley \& Sons},
title = {{Design of seismic isolated structures: from theory to practice}},
year = {1999}
}

@phdthesis{Wu2001,
address = {Cambridge},
author = {Wu, Tai Chieh},
file = {:C\:/Users/EFE-COMAS2/AppData/Local/Mendeley Ltd./Mendeley Desktop/Downloaded/Wu - 2001 - Design of base isolation system for buildings.pdf:pdf},
school = {Massachusetts Institute of Technology},
title = {{Design of base isolation system for buildings}},
type = {Master thesis},
year = {2001}
}

@article{Constantinou1993,
author = {Constantinou, M C and Symans, M D},
file = {:C\:/Users/EFE-COMAS2/AppData/Local/Mendeley Ltd./Mendeley Desktop/Downloaded/Constantinou, Symans - 1993 - Experimental study of seismic response of buildings with supplemental fluid dampers.pdf:pdf},
journal = {The Structural Design of Tall Buildings},
keywords = {direction of ground acceleration,dynamic earth pressure,horizontal acceleration of tunnel,seismic settlement,shaking table test},
number = {2},
pages = {93--132},
title = {{Experimental study of seismic response of buildings with supplemental fluid dampers}},
volume = {2},
year = {1993}
}

@misc{Bridgestone2015,
address = {Tokio},
author = {Bridgestone},
file = {:C\:/Users/EFE-COMAS2/AppData/Local/Mendeley Ltd./Mendeley Desktop/Downloaded/Bridgestone - 2015 - Seismic isolation product line-up.pdf:pdf},
title = {{Seismic isolation product line-up}},
volume = {1},
year = {2015}
}

@book{Skinner1993,
author = {Skinner, R. I. and Robinson, W. H. and McVerry, G. H.},
file = {:C\:/Users/EFE-COMAS2/AppData/Local/Mendeley Ltd./Mendeley Desktop/Downloaded/Skinner, Robinson, McVerry - 1993 - An introduction to seismic isolation.pdf:pdf},
publisher = {John Wiley \& Sons},
title = {{An introduction to seismic isolation}},
year = {1993}
}


